@article{welsh08,
  author = {Welsh, B.C. and Farrington, D.P.},
  year = {2008},
  title = {Effects of Improved Street Lighting on Crime},
  journal = {Campbell Systematic Reviews},
  volume = {4},
  pages = {1-51},
  doi = {10.4073/csr.2008.13}
}

@article{jr07,
  author = {Hipp, J.R.},
  year = {2007},
  title = {Income Inequality, Race, and Place: Does the Distribution of Race and Class Within Neighborhoods Affect Crime Rates?},
  journal = {Criminology},
  volume = {45},
  pages = {665-697},
  doi = {10.1111/j.1745-9125.2007.00088.x}
}

@misc{tucson_crime,
  author = {{City of Tucson}},
  year = {2023},
  title = {Tucson Police Reported Crimes Dataset},
  howpublished = {\url{https://drive.google.com/file/d/161iT39q-IjdAwfS4nYs8reUbW9VMtub1/view}}
}

@misc{tucson_arrests,
  author = {{City of Tucson}},
  year = {2023},
  title = {Tucson Police Arrests Dataset},
  howpublished = {\url{https://drive.google.com/file/d/1bJnk0YaQ8xNQAeIJLMWA87VILOG2tEsl/view}}
}

@misc{tucson_streetlights,
  author = {{City of Tucson}},
  year = {2023},
  title = {City of Tucson Streetlight Locations Dataset},
  howpublished = {\url{https://drive.google.com/file/d/1PWVC5zM-AffD-WDhN-9h5rAeCRRMRtac/view}}
}

@misc{tucson_income,
  author = {{City of Tucson}},
  year = {2023},
  title = {Neighborhood Income Dataset},
  howpublished = {\url{https://drive.google.com/file/d/1_Ys0zVHxuI-XVIq5UpbJJW0Y7Lf0_rPA/view}}
}
